<record><leader>00000cas a2200000 a 4500</leader><controlfield tag="001">15200750</controlfield><controlfield tag="008">870216d18uu1985iluwr ne      0   a0eng c</controlfield><datafield ind1=" " ind2=" " tag="010"><subfield code="a">sn 87082188 </subfield></datafield><datafield ind1=" " ind2=" " tag="040"><subfield code="a">NPV</subfield><subfield code="b">eng</subfield><subfield code="c">NPV</subfield><subfield code="d">NVF</subfield><subfield code="d">OCL</subfield><subfield code="d">CVF</subfield><subfield code="d">NVF</subfield><subfield code="d">OCLCF</subfield><subfield code="d">OCLCO</subfield></datafield><datafield ind1="1" ind2=" " tag="029"><subfield code="a">AU@</subfield><subfield code="b">000020236912</subfield></datafield><datafield ind1=" " ind2=" " tag="042"><subfield code="a">pcc</subfield></datafield><datafield ind1=" " ind2=" " tag="043"><subfield code="a">n-us-il</subfield></datafield><datafield ind1="0" ind2=" " tag="130"><subfield code="a">Antioch news (Antioch, Ill. : 1891)</subfield></datafield><datafield ind1="1" ind2="4" tag="245"><subfield code="a">The Antioch news.</subfield></datafield><datafield ind1=" " ind2=" " tag="260"><subfield code="a">Antioch, Ill. :</subfield><subfield code="b">J.J. Burke</subfield></datafield><datafield ind1=" " ind2=" " tag="300"><subfield code="a">v.</subfield></datafield><datafield ind1=" " ind2=" " tag="310"><subfield code="a">Weekly</subfield></datafield><datafield ind1="0" ind2=" " tag="362"><subfield code="a">-v. 99, no. 24 (June 10, 1985).</subfield></datafield><datafield ind1=" " ind2=" " tag="525"><subfield code="a">Holiday supplement, Dec. 29, 1891.</subfield></datafield><datafield ind1=" " ind2=" " tag="580"><subfield code="a">Other eds.: Wadsworth blackbird, &lt;1892-1893&gt;,and: Lake Villa advocate, &lt;1892-1893&gt;.</subfield></datafield><datafield ind1=" " ind2=" " tag="580"><subfield code="a">Merged with: Antioch reporter, to form: Antioch news-reporter.</subfield></datafield><datafield ind1=" " ind2=" " tag="588"><subfield code="a">Description based on: Vol. 5, no. 17 (Dec. 24, 1891).</subfield></datafield><datafield ind1=" " ind2="0" tag="651"><subfield code="a">Antioch (Ill.)</subfield><subfield code="v">Newspapers.</subfield></datafield><datafield ind1=" " ind2="7" tag="655"><subfield code="a">Newspapers.</subfield><subfield code="2">fast</subfield><subfield code="0">(OCoLC)fst01423814</subfield></datafield><datafield ind1=" " ind2="7" tag="651"><subfield code="a">Illinois</subfield><subfield code="z">Antioch.</subfield><subfield code="2">fast</subfield><subfield code="0">(OCoLC)fst01258413</subfield></datafield><datafield ind1=" " ind2=" " tag="752"><subfield code="a">United States</subfield><subfield code="b">Illinois</subfield><subfield code="c">Lake</subfield><subfield code="d">Antioch.</subfield></datafield><datafield ind1="1" ind2=" " tag="775"><subfield code="t">Wadsworth blackbird</subfield><subfield code="w">(DLC)sn 87082206</subfield><subfield code="w">(OCoLC)15200799</subfield></datafield><datafield ind1="1" ind2=" " tag="775"><subfield code="t">Lake Villa advocate</subfield><subfield code="w">(DLC)sn 87082338</subfield><subfield code="w">(OCoLC)15290495</subfield></datafield><datafield ind1="1" ind2="7" tag="785"><subfield code="t">Antioch reporter</subfield><subfield code="w">(DLC)sn2003060818</subfield><subfield code="w">(OCoLC)51983870</subfield></datafield><datafield ind1="1" ind2="7" tag="785"><subfield code="t">Antioch news-reporter</subfield><subfield code="w">(DLC)sn2002060881</subfield><subfield code="w">(OCoLC)51111859</subfield></datafield></record>